@inproceedings{zhou2013conformity,
  title={Conformity-Based Transfer AdaBoost Algorithm},
  author={Zhou, Shuang and Smirnov, Evgueni N and Ammar, Haitham Bou and Peeters, Ralf},
  booktitle={IFIP International Conference on Artificial Intelligence Applications and Innovations},
  pages={401--410},
  year={2013},
  organization={Springer}
}