@book{vovk2005conformal,
  title={Conformal prediction},
  author={Vovk, Vladimir and Gammerman, Alexander and Shafer, Glenn},
  year={2005},
  publisher={Springer}
}
@article{gammerman2007hedging,
  title={Hedging predictions in machine learning},
  author={Gammerman, Alexander and Vovk, Vladimir},
  journal={The Computer Journal},
  volume={50},
  number={2},
  pages={151--163},
  year={2007},
  publisher={OUP}
}
@incollection{fisher1992statistical,
  title={Statistical methods for research workers},
  author={Fisher, Ronald Aylmer},
  booktitle={Breakthroughs in statistics},
  pages={66--70},
  year={1992},
  publisher={Springer}
}
@article{davidov2011combining,
  title={Combining p-values using order-based methods},
  author={Davidov, Ori},
  journal={Computational Statistics \& Data Analysis},
  volume={55},
  number={7},
  pages={2433--2444},
  year={2011},
  publisher={Elsevier}
}
@article{littell1971asymptotic,
  title={Asymptotic optimality of Fisher's method of combining independent tests},
  author={Littell, Ramon C and Folks, J Leroy},
  journal={Journal of the American Statistical Association},
  volume={66},
  number={336},
  pages={802--806},
  year={1971},
  publisher={Taylor \& Francis Group}
}
@article{jacobs1991adaptive,
  title={Adaptive mixtures of local experts},
  author={Jacobs, Robert A and Jordan, Michael I and Nowlan, Steven J and Hinton, Geoffrey E},
  journal={Neural computation},
  volume={3},
  number={1},
  pages={79--87},
  year={1991},
  publisher={MIT Press}
}